@MISC{MiorandiSicariPellegriniChlamtac12, 
  AUTHOR = "Daniele Miorandi and Sabrina Sicari and Francesco De Pellegrini and Imrich Chlamtac",
  TITLE = "Internet of things: Vision, applications and research challenges",
  HOWPUBLISHED = "http://www.sciencedirect.com/science/article/pii/S1570870512000674",
  YEAR = "2012"
  }
  
  
@MISC{Radovici15,
  AUTHOR = "Alexandru Radovici",
  TITLE = "Introduction to the Internet of Things Summer School",
  HOWPUBLISHED = "https://www.youtube.com/watch?v=G4-CtKkrOmc",
  YEAR = "2015"
  }
  
  
  @MISC{RoseEldridgeChapin15,
  AUTHOR = "Karen Rose and Scott Eldridge and Lyman Chapin",
  TITLE = "THE INTERNET OF THINGS: AN OVERVIEW",
  HOWPUBLISHED = "https://www.internetsociety.org/sites/default/files/ISOC-IoT-Overview-20151221-en.pdf",
  YEAR = "2015"
  }

  @MISC{SensorImage,
  AUTHOR = "Postscapes",
  TITLE = "Internet of Things Infographic",
  HOWPUBLISHED = "http://www.postscapes.com/what-exactly-is-the-internet-of-things-infographic",
  YEAR = "2014"
  }
  
  @MISC{IoTOverview,
  AUTHOR = "micrium.com",
  TITLE = "Devices \& Networks",
  HOWPUBLISHED = "https://www.micrium.com/wp-content/uploads/2014/03/internet-of-things.png",
  YEAR = "2017"
  }
  
  @MISC{IoTWSN,
  AUTHOR = "micrium.com",
  TITLE = "Devices \& Networks",
  HOWPUBLISHED = "https://www.micrium.com/wp-content/uploads/2014/03/wireless-sensor-network.png",
  YEAR = "2017"
  }
  
  @MISC{Obermaier14,
  AUTHOR = "Dominik Obermaier",
  TITLE = "Internet der Dinge: Leichtgewichtiges Messaging",
  HOWPUBLISHED = "https://www.informatik-aktuell.de/betrieb/netzwerke/internet-der-dinge-protokolle-verfahren-und-integration-von-mqtt.html",
  YEAR = "2014"
  }
  
  @MISC{Obermaier15,
  AUTHOR = "Dominik Obermaier",
  TITLE = "IoT-Protokolldschungel – Ein Wegweiser",
  HOWPUBLISHED = "https://www.informatik-aktuell.de/betrieb/netzwerke/iot-protokolldschungel-ein-wegweiser.html",
  YEAR = "2015"
  }
  
  @MISC{ReqRes,
  AUTHOR = "servicedesignpatterns.com",
  TITLE = "Request/Response",
  HOWPUBLISHED = "http://www.servicedesignpatterns.com/Images/RequestResponse.jpg",
  YEAR = "2011"
  }

  @MISC{PublishSubscribePattern,
  AUTHOR = "Gregor Hohpe and Bobby Woolf",
  TITLE = "Enterprise Integration Patterns",
  HOWPUBLISHED = "  http://www.enterpriseintegrationpatterns.com/img/PublishSubscribeSolution.gif",
  YEAR = "2011"
  }

}